<?xml version="1.0" encoding="UTF-8" ?>
<collection xmlns:xsi="http://www.w3.org/2001/XMLSchema-instance"
    xsi:schemaLocation="http://www.loc.gov/MARC21/slim
        http://www.loc.gov/standards/marcxml/schema/MARC21slim.xsd"
    xmlns="http://www.loc.gov/MARC21/slim">
<record>
  <leader>00227cam a2200421 ia4500</leader>
  <controlfield tag="001">b12456056</controlfield>
  <controlfield tag="003">LeBAU</controlfield>
  <controlfield tag="005">20131106</controlfield>
  <controlfield tag="008">970522m19011910tu            000 0 ara d</controlfield>
  <datafield tag="035" ind1=" " ind2=" ">
    <subfield code="a">ocn784324378</subfield>
  </datafield>
  <datafield tag="040" ind1=" " ind2=" ">
    <subfield code="a">LEAUB</subfield>
    <subfield code="b">ara</subfield>
    <subfield code="e">rda</subfield>
    <subfield code="c">LEAUB</subfield>
    <subfield code="d">LEAUB</subfield>
  </datafield>
  <datafield tag="082" ind1="0" ind2="4">
    <subfield code="a">349.297</subfield>
    <subfield code="2">20</subfield>
  </datafield>
  <datafield tag="100" ind1="1" ind2=" ">
    <subfield code="6">880-01</subfield>
    <subfield code="a">Shaykhʹzādah, ʻAbd al-Raḥmān ibn Muḥammad,</subfield>
    <subfield code="d">-1667 or 1668,</subfield>
    <subfield code="e">author.</subfield>
  </datafield>
  <datafield tag="245" ind1="1" ind2="0">
    <subfield code="6">880-02</subfield>
    <subfield code="a">Majma‘ al-anhur fī multaqá al-abḥur /</subfield>
    <subfield code="c">ta’līf al-mawlá al-faqīh al-muḥaqqiq ‘Abd Allāh al-Raḥmān ibn al-Shaykh Muḥammad ibn Sulaymān al-ma‘rūf bi-Dāmād Afandī.</subfield>
    <subfield code="b">Wa-li-itmām al-naf‘ qad ḥuliya hāmishihi bi-al-sharḥ al-musammá Bi-durr al-Muntaqá fī sharḥ al-Multaqá.</subfield>
  </datafield>
  <datafield tag="264" ind1=" " ind2="1">
    <subfield code="6">880-03</subfield>
    <subfield code="a">al-Āsitānah :</subfield>
    <subfield code="b">Maṭba‘ah ‘Āmirah,</subfield>
    <subfield code="c">1319-1328 H., [1901-1910? M.]</subfield>
  </datafield>
  <datafield tag="300" ind1=" " ind2=" ">
    <subfield code="6">880-04</subfield>
    <subfield code="a">2 volumes ;</subfield>
    <subfield code="c">26 cm</subfield>
  </datafield>
  <datafield tag="336" ind1=" " ind2=" ">
    <subfield code="a">text</subfield>
    <subfield code="b">txt</subfield>
    <subfield code="2">rdacontent</subfield>
  </datafield>
  <datafield tag="337" ind1=" " ind2=" ">
    <subfield code="a">unmediated</subfield>
    <subfield code="b">n</subfield>
    <subfield code="2">rdamedia</subfield>
  </datafield>
  <datafield tag="338" ind1=" " ind2=" ">
    <subfield code="a">volume</subfield>
    <subfield code="b">nc</subfield>
    <subfield code="2">rdacarrier</subfield>
  </datafield>
  <datafield tag="505" ind1="0" ind2=" ">
    <subfield code="a">مجمع الأنهر في ملتقى الأبحر: الجلد الأول من مجمع الأنهر في شرح ملتقى الأبحر --الجلد الثاني من مجمع الأنهر في شرح ملتقى الأبحر.</subfield>
  </datafield>
  <datafield tag="600" ind1="1" ind2="4">
    <subfield code="a">الحلبي، إبراهيم بن محمد،</subfield>
    <subfield code="d">-1549.</subfield>
    <subfield code="t">ملتقى الأبحر.</subfield>
  </datafield>
  <datafield tag="600" ind1="1" ind2="0">
    <subfield code="a">Ḥalabī, Ibrāhīm ibn Muḥammad,</subfield>
    <subfield code="d">-1549 or 1550.</subfield>
    <subfield code="t">Multaqá al-abḥur.</subfield>
  </datafield>
  <datafield tag="650" ind1=" " ind2="4">
    <subfield code="a">الفقه الاسلامي.</subfield>
  </datafield>
  <datafield tag="650" ind1=" " ind2="4">
    <subfield code="a">المذهب الحنفي.</subfield>
  </datafield>
  <datafield tag="650" ind1=" " ind2="0">
    <subfield code="a">Islamic law.</subfield>
  </datafield>
  <datafield tag="650" ind1=" " ind2="0">
    <subfield code="a">Hanafites.</subfield>
  </datafield>
  <datafield tag="700" ind1="1" ind2="2">
    <subfield code="6">880-05</subfield>
    <subfield code="a">Ḥaṣkafī, Muḥammad ibn ʻAlī,</subfield>
    <subfield code="d">1416 or 1417-1455.</subfield>
    <subfield code="t">Durr al-Muntaqá fī sharḥ al-Multaqá.</subfield>
  </datafield>
  <datafield tag="852" ind1=" " ind2=" ">
    <subfield code="a">Jafet Library</subfield>
    <subfield code="e">American University of Beirut, Bliss Street , Beirut, Lebanon.</subfield>
  </datafield>
  <datafield tag="880" ind1="1" ind2=" ">
    <subfield code="6">100-01/(3/r</subfield>
    <subfield code="a">شيخ زاده، عبد الرحمن بن محمد،</subfield>
    <subfield code="d">-1078،</subfield>
    <subfield code="e">مؤلف. </subfield>
    <subfield code="4">aut.</subfield>
  </datafield>
  <datafield tag="880" ind1="1" ind2="0">
    <subfield code="6">245-02/(3/r</subfield>
    <subfield code="a">مجمع الأنهر في ملتقى الأبحر /</subfield>
    <subfield code="c">تأليف المولى الفقيه المحقق عبد الله الرحمن بن الشيخ محمد بن سليمان المعروف بداماد أفندي.</subfield>
    <subfield code="b">ولأجل إتمام النفع قد حلى هامشه بالشرح المسمى بدر المنتقى في شرح الملتقى.</subfield>
  </datafield>
  <datafield tag="880" ind1=" " ind2="1">
    <subfield code="6">264-03/(3/r</subfield>
    <subfield code="a">الآستانة :</subfield>
    <subfield code="b">مطبعة عامرة،</subfield>
    <subfield code="c">1319-1328 هـ.، [1901-1910؟ م.]</subfield>
  </datafield>
  <datafield tag="880" ind1=" " ind2=" ">
    <subfield code="6">300-04/(3/r</subfield>
    <subfield code="a">2 جلد ؛</subfield>
    <subfield code="c">26 سم</subfield>
  </datafield>
  <datafield tag="880" ind1="1" ind2="2">
    <subfield code="6">700-05/(3/r</subfield>
    <subfield code="a">الحسكفي، محمد بن علي،</subfield>
    <subfield code="d">1416 أو 1417-1455.</subfield>
    <subfield code="t">در المنتقى في شرح الملتقى.</subfield>
  </datafield>
  <datafield tag="907" ind1=" " ind2=" ">
    <subfield code="a">.b12456056</subfield>
    <subfield code="b">16-03-23</subfield>
    <subfield code="c">11-05-24</subfield>
  </datafield>
  <datafield tag="907" ind1=" " ind2=" ">
    <subfield code="a">.b12456056</subfield>
    <subfield code="b">15-10-15</subfield>
    <subfield code="c">11-05-24</subfield>
  </datafield>
  <datafield tag="945" ind1=" " ind2=" ">
    <subfield code="f">J</subfield>
    <subfield code="a">349.297:I14madA:v.1:c.1</subfield>
    <subfield code="g">1</subfield>
    <subfield code="i">01021894</subfield>
    <subfield code="j">.i12935347</subfield>
    <subfield code="l">u0503</subfield>
  </datafield>
  <datafield tag="945" ind1=" " ind2=" ">
    <subfield code="f">J</subfield>
    <subfield code="a">349.297:I14madA:v.2:c.1</subfield>
    <subfield code="g">1</subfield>
    <subfield code="i">01021896</subfield>
    <subfield code="j">.i12935359</subfield>
    <subfield code="l">u0503</subfield>
  </datafield>
  <datafield tag="998" ind1=" " ind2=" ">
    <subfield code="a">u05</subfield>
    <subfield code="b">97-05-22</subfield>
    <subfield code="c">m</subfield>
    <subfield code="d">a</subfield>
    <subfield code="e">-</subfield>
    <subfield code="f">ara</subfield>
    <subfield code="g">tu </subfield>
    <subfield code="h">0</subfield>
    <subfield code="i">2</subfield>
  </datafield>
</record>
</collection>
